@article{wards-meth,
  title={Hierarchical grouping to optimize an objective function},
  author={Ward Jr, Joe H},
  journal={Journal of the American statistical association},
  volume={58},
  number={301},
  pages={236--244},
  year={1963},
  publisher={Taylor \& Francis}
}

@INPROCEEDINGS{dbscan,
    author = {Martin Ester and Hans-peter Kriegel and JÃ¶rg S and Xiaowei Xu},
    title = {A density-based algorithm for discovering clusters in large spatial databases with noise},
    booktitle = {},
    year = {1996},
    pages = {226--231},
    publisher = {AAAI Press}
}

@inproceeding{kmeans,
address = "Berkeley, Calif.",
author = "MacQueen, J.",
booktitle = "Proceedings of the Fifth Berkeley Symposium on Mathematical Statistics and Probability, Volume 1: Statistics",
pages = "281--297",
publisher = "University of California Press",
title = "Some methods for classification and analysis of multivariate observations",
year = "1967"
}

@article{lloyds,
  title={Least squares quantization in {PCM}},
  author={Lloyd, Stuart},
  journal={Information Theory, IEEE Transactions on},
  volume={28},
  number={2},
  pages={129--137},
  year={1982},
  publisher={IEEE}
}
@article{c45,
	year={1994},
	journal={Machine Learning},
	volume={16},
	number={3},
	title={C4.5: Programs for Machine Learning by J. Ross Quinlan. Morgan Kaufmann Publishers, Inc., 1993},
	publisher={Kluwer Academic Publishers},
	author={Salzberg, Steven L.},
	pages={235-240},
	language={English}
}

@book{trees,
  title={Classification and regression trees},
  author={Breiman, Leo and Friedman, Jerome and Stone, Charles J and Olshen, Richard A},
  year={1984},
  publisher={CRC press}
}
@article{randomforests,
  title={Random forests},
  author={Breiman, Leo},
  journal={Machine learning},
  volume={45},
  number={1},
  pages={5--32},
  year={2001},
  publisher={Springer}
}

@misc{nb,
  title = {Gaussian Na{\"i}ve {B}ayes},
  howpublished = {\url{http://scikit-learn.org/0.10/modules/naive_bayes.html}},
  note = {Accessed: 2014-05-14}
}
@misc{kf,
  title = {K-Fold Cross Validation},
  howpublished = {\url{http://scikit-learn.org/stable/modules/cross_validation.html}},
  note = {Accessed: 2014-05-14}
}
@misc{bs4,
  title = {Beautiful Soup 4},
  howpublished = {\url{http://www.crummy.com/software/BeautifulSoup/}},
  note = {Accessed: 2014-05-12}
}
@misc{lxml,
  title = {LXML},
  howpublished = {\url{http://lxml.de/parsing.html}},
  note = {Accessed: 2014-05-12}
}
@inproceedings{gensim,
      title = {{Software Framework for Topic Modelling with Large Corpora}},
      author = {Radim {\v R}eh{\r u}{\v r}ek and Petr Sojka},
      booktitle = {{Proceedings of the LREC 2010 Workshop on New
           Challenges for NLP Frameworks}},
      pages = {45--50},
      year = 2010,
      month = May,
      day = 22,
      publisher = {ELRA},
      address = {Valletta, Malta},
      note={\url{http://is.muni.cz/publication/884893/en}},
      language={English}
}

@article{scikit-learn,
 title={Scikit-learn: Machine Learning in {P}ython},
 author={Pedregosa, F. and Varoquaux, G. and Gramfort, A. and Michel, V.
         and Thirion, B. and Grisel, O. and Blondel, M. and Prettenhofer, P.
         and Weiss, R. and Dubourg, V. and Vanderplas, J. and Passos, A. and
         Cournapeau, D. and Brucher, M. and Perrot, M. and Duchesnay, E.},
 journal={Journal of Machine Learning Research},
 volume={12},
 pages={2825--2830},
 year={2011}
}
@book{nltk,
  title={Natural Language Processing with Python},
  author={Bird, S. and Klein, E. and Loper, E.},
  isbn={9780596555719},
  year={2009},
  publisher={O'Reilly Media}
}


@article{lda,
  title={Latent dirichlet allocation},
  author={Blei, David M and Ng, Andrew Y and Jordan, Michael I},
  journal={the Journal of machine Learning research},
  volume={3},
  pages={993--1022},
  year={2003},
  publisher={JMLR. org}
}
